@article{r1,
  title={Identification of plant leaf diseases using a nine-layer deep convolutional neural network},
  author={Geetharamani, G and Pandian, Arun},
  journal={Computers \& Electrical Engineering},
  volume={76},
  pages={323--338},
  year={2019},
  publisher={Elsevier}
}
@inproceedings{r2,
  title={A review on machine learning classification techniques for plant disease detection},
  author={Shruthi, U and Nagaveni, V and Raghavendra, BK},
  booktitle={2019 5th International conference on advanced computing \& communication systems (ICACCS)},
  pages={281--284},
  year={2019},
  organization={IEEE}
}
@article{r3,
  title={Plant disease detection using deep learning},
  author={Chohan, Murk and Khan, Adil and Chohan, Rozina and Katpar, Saif Hassan and Mahar, Muhammad Saleem and others},
  journal={International Journal of Recent Technology and Engineering},
  volume={9},
  number={1},
  pages={909--914},
  year={2020}
}
@article{r4,
  title={Symptoms of Plant Disease: Is it Fungal, Viral or Bacterial},
  author={Isleib, Jim and Signs, MSUE},
  journal={MSU Extension},
  volume={2},
  year={2018}
}
@inproceedings{r5,
  title={A review on machine learning classification techniques for plant disease detection},
  author={Shruthi, U and Nagaveni, V and Raghavendra, BK},
  booktitle={2019 5th International conference on advanced computing \& communication systems (ICACCS)},
  pages={281--284},
  year={2019},
  organization={IEEE}
}
@article{r6,
  title={Deep learning models for plant disease detection and diagnosis},
  author={Ferentinos, Konstantinos P},
  journal={Computers and electronics in agriculture},
  volume={145},
  pages={311--318},
  year={2018},
  publisher={Elsevier}
}
@article{r7,
  title={Performance evaluation of ResNet model for classification of tomato plant disease},
  author={Kumar, Sachin and Pal, Saurabh and Singh, Vijendra Pratap and Jaiswal, Priya},
  journal={Epidemiologic Methods},
  volume={12},
  number={1},
  pages={20210044},
  year={2023},
  publisher={De Gruyter}
}
@inproceedings{r8,
  title={Deep residual learning for image recognition},
  author={He, Kaiming and Zhang, Xiangyu and Ren, Shaoqing and Sun, Jian},
  booktitle={Proceedings of the IEEE conference on computer vision and pattern recognition},
  pages={770--778},
  year={2016}
}
@article{r9,
  title={Evaluation of scratch and pre-trained convolutional neural networks for the classification of Tomato plant diseases},
  author={Aquil, Mohammad Amimul Ihsan and Ishak, Wan Hussain Wan},
  journal={IAES International Journal of Artificial Intelligence},
  volume={10},
  number={2},
  pages={467},
  year={2021},
  publisher={IAES Institute of Advanced Engineering and Science}
}
@inproceedings{r10,
  title={Caffe: Convolutional architecture for fast feature embedding},
  author={Jia, Yangqing and Shelhamer, Evan and Donahue, Jeff and Karayev, Sergey and Long, Jonathan and Girshick, Ross and Guadarrama, Sergio and Darrell, Trevor},
  booktitle={Proceedings of the 22nd ACM international conference on Multimedia},
  pages={675--678},
  year={2014}
}
@inproceedings{r11,
  title={CNN transfer learning for automatic image-based classification of crop disease},
  author={Wang, Jingxian and Chen, Lei and Zhang, Jian and Yuan, Yuan and Li, Miao and Zeng, WeiHui},
  booktitle={Image and Graphics Technologies and Applications: 13th Conference on Image and Graphics Technologies and Applications, IGTA 2018, Beijing, China, April 8--10, 2018, Revised Selected Papers 13},
  pages={319--329},
  year={2018},
  organization={Springer}
}
@article{r12,
  title={Going deeper in spiking neural networks: VGG and residual architectures},
  author={Sengupta, Abhronil and Ye, Yuting and Wang, Robert and Liu, Chiao and Roy, Kaushik},
  journal={Frontiers in neuroscience},
  volume={13},
  pages={95},
  year={2019},
  publisher={Frontiers Media SA}
}